@conference{ESEC/FSE 2017,
    author    = "",
    title     = "11TH JOINT MEETING OF THE EUROPEAN SOFTWARE ENGINEERING CONFERENCE AND THE ACM SIGSOFT SYMPOSIUM ON THE FOUNDATIONS OF SOFTWARE ENGINEERING",
    booktitle = "",
    %editor   = "",
    %volume   = "",
    %number   = "",
    %series   = "",
    %pages    = "",
    address  = "Paderborn, Germany",
    year      = "2017",
    month    = "September",
    %publisher= "",
    %note     = "",
}